<record><leader>00000cas a22000007a 4500</leader><controlfield tag="001">10960455</controlfield><controlfield tag="008">840718c19uu9999oruwr ne      0   a0eng d</controlfield><datafield ind1=" " ind2=" " tag="010"><subfield code="a">sn 84007707 </subfield></datafield><datafield ind1=" " ind2=" " tag="040"><subfield code="a">NSD</subfield><subfield code="b">eng</subfield><subfield code="c">NSD</subfield><subfield code="d">OCLCQ</subfield></datafield><datafield ind1=" " ind2=" " tag="012"><subfield code="m">1</subfield></datafield><datafield ind1="1" ind2=" " tag="022"><subfield code="a">8750-0795</subfield><subfield code="l">8750-0795</subfield><subfield code="2">1</subfield></datafield><datafield ind1=" " ind2=" " tag="032"><subfield code="a">656200</subfield><subfield code="b">USPS</subfield></datafield><datafield ind1=" " ind2=" " tag="037"><subfield code="b">Times Publishing Co., 9730 SW Cascade Blvd., Tigard, OR 97223</subfield></datafield><datafield ind1=" " ind2=" " tag="042"><subfield code="a">nsdp</subfield></datafield><datafield ind1="0" ind2=" " tag="130"><subfield code="a">Valley times (Tigard, Or.)</subfield></datafield><datafield ind1=" " ind2="0" tag="222"><subfield code="a">Valley times</subfield><subfield code="b">(Tigard, Or.)</subfield></datafield><datafield ind1="1" ind2="0" tag="245"><subfield code="a">Valley times.</subfield></datafield><datafield ind1="1" ind2="7" tag="246"><subfield code="a">Times</subfield></datafield><datafield ind1=" " ind2=" " tag="260"><subfield code="a">Tigard, Or. :</subfield><subfield code="b">Times Pub. Co.</subfield></datafield><datafield ind1=" " ind2=" " tag="310"><subfield code="a">Weekly</subfield></datafield><datafield ind1=" " ind2=" " tag="588"><subfield code="a">Description based on: Vol. 64, no. 55 (Week of July 12-18 [1984]).</subfield></datafield><datafield ind1=" " ind2=" " tag="752"><subfield code="a">United States</subfield><subfield code="b">Oregon</subfield><subfield code="c">Washington</subfield><subfield code="d">Tigard.</subfield></datafield><datafield ind1=" " ind2=" " tag="936"><subfield code="a">v. 64, no. 55</subfield></datafield></record>